@article{aglietti2021dynamic,
  title={Dynamic causal Bayesian optimization},
  author={Aglietti, Virginia and Dhir, Neil and Gonz{\'a}lez, Javier and Damoulas, Theodoros},
  journal={Advances in Neural Information Processing Systems},
  volume={34},
  pages={10549--10560},
  year={2021}
}

@article{bareinboim2015bandits,
  title={Bandits with unobserved confounders: A causal approach},
  author={Bareinboim, Elias and Forney, Andrew and Pearl, Judea},
  journal={Advances in Neural Information Processing Systems},
  volume={28},
  year={2015}
}

@article{nyikosa2018bayesian,
  title={Bayesian optimization for dynamic problems},
  author={Nyikosa, Favour M and Osborne, Michael A and Roberts, Stephen J},
  journal={arXiv preprint arXiv:1803.03432},
  year={2018}
}

@article{de2015taking,
  title={Taking the human out of the loop: A review of bayesian optimization},
  author={de Freitas, Nando},
  year={2015}
}

@article{pelta2009simple,
  title={Simple control rules in a cooperative system for dynamic optimisation problems},
  author={Pelta, David and Cruz, Carlos and Verdegay, Jos{\'e} L},
  journal={International Journal of General Systems},
  volume={38},
  number={7},
  pages={701--717},
  year={2009},
  publisher={Taylor \& Francis}

}

@inproceedings{aglietti2020causal,
  title={Causal bayesian optimization},
  author={Aglietti, Virginia and Lu, Xiaoyu and Paleyes, Andrei and Gonz{\'a}lez, Javier},
  booktitle={International Conference on Artificial Intelligence and Statistics},
  pages={3155--3164},
  year={2020},
  organization={PMLR}
}